<record><leader>00000cas a2200000 a 4500</leader><controlfield tag="001">11563243</controlfield><controlfield tag="007">hd afu---bucu</controlfield><controlfield tag="008">850109d17781778ctuwr nea     0   a0eng c</controlfield><datafield ind1=" " ind2=" " tag="010"><subfield code="a">  2004252456</subfield></datafield><datafield ind1=" " ind2=" " tag="040"><subfield code="a">SMI</subfield><subfield code="b">eng</subfield><subfield code="c">SMI</subfield><subfield code="d">OCL</subfield><subfield code="d">WAU</subfield><subfield code="d">OCLCG</subfield><subfield code="d">OCLCQ</subfield><subfield code="d">OCLCF</subfield><subfield code="d">OCLCO</subfield><subfield code="d">OCLCQ</subfield></datafield><datafield ind1=" " ind2=" " tag="042"><subfield code="a">pcc</subfield></datafield><datafield ind1=" " ind2=" " tag="043"><subfield code="a">n-us-ct</subfield></datafield><datafield ind1=" " ind2="4" tag="050"><subfield code="a">AN2</subfield><subfield code="b">.C65</subfield></datafield><datafield ind1="0" ind2=" " tag="130"><subfield code="a">Connecticut courant (Hartford, Conn. : 1778)</subfield></datafield><datafield ind1="1" ind2="4" tag="245"><subfield code="a">The Connecticut courant.</subfield></datafield><datafield ind1=" " ind2=" " tag="260"><subfield code="a">Hartford, Conn. :</subfield><subfield code="b">Printed by Watson &amp; Goodwin,</subfield><subfield code="c">1778.</subfield></datafield><datafield ind1=" " ind2=" " tag="300"><subfield code="a">1 volume</subfield></datafield><datafield ind1=" " ind2=" " tag="310"><subfield code="a">Weekly</subfield></datafield><datafield ind1=" " ind2=" " tag="336"><subfield code="a">text</subfield><subfield code="b">txt</subfield><subfield code="2">rdacontent</subfield></datafield><datafield ind1=" " ind2=" " tag="337"><subfield code="a">microform</subfield><subfield code="b">h</subfield><subfield code="2">rdamedia</subfield></datafield><datafield ind1=" " ind2=" " tag="338"><subfield code="a">microfilm reel</subfield><subfield code="b">hd</subfield><subfield code="2">rdacarrier</subfield></datafield><datafield ind1="0" ind2=" " tag="362"><subfield code="a">No. 682 (Feb. 17, 1778).</subfield></datafield><datafield ind1=" " ind2=" " tag="533"><subfield code="a">Microfilm.</subfield><subfield code="b">Waltham, Mass. :</subfield><subfield code="c">Graphic Microfilm Service, Inc.</subfield><subfield code="e">1 microfilm reel ; 35 mm.</subfield><subfield code="n">Filmed with other titles.</subfield></datafield><datafield ind1=" " ind2="0" tag="651"><subfield code="a">Hartford (Conn.)</subfield><subfield code="v">Newspapers.</subfield></datafield><datafield ind1=" " ind2="0" tag="651"><subfield code="a">Hartford County (Conn.)</subfield><subfield code="v">Newspapers.</subfield></datafield><datafield ind1=" " ind2="7" tag="651"><subfield code="a">Connecticut</subfield><subfield code="z">Hartford.</subfield><subfield code="2">fast</subfield><subfield code="0">(OCoLC)fst01207441</subfield></datafield><datafield ind1=" " ind2="7" tag="651"><subfield code="a">Connecticut</subfield><subfield code="z">Hartford County.</subfield><subfield code="2">fast</subfield><subfield code="0">(OCoLC)fst01211874</subfield></datafield><datafield ind1=" " ind2="7" tag="655"><subfield code="a">Newspapers.</subfield><subfield code="2">fast</subfield><subfield code="0">(OCoLC)fst01423814</subfield></datafield><datafield ind1="1" ind2=" " tag="700"><subfield code="a">Goodwin, George,</subfield><subfield code="d">1757-1844.</subfield></datafield><datafield ind1="1" ind2=" " tag="700"><subfield code="a">Watson, Hannah,</subfield><subfield code="d">1749-1807.</subfield></datafield><datafield ind1=" " ind2=" " tag="752"><subfield code="a">United States</subfield><subfield code="b">Connecticut</subfield><subfield code="c">Hartford</subfield><subfield code="d">Hartford.</subfield></datafield><datafield ind1="1" ind2=" " tag="776"><subfield code="c">Original</subfield><subfield code="w">(DLC)sn 82016133</subfield><subfield code="w">(OCoLC)9167583</subfield></datafield><datafield ind1="0" ind2="0" tag="780"><subfield code="t">Connecticut courant and Hartford weekly intelligencer</subfield><subfield code="w">(DLC)  2004252455</subfield><subfield code="w">(OCoLC)11563180</subfield></datafield><datafield ind1="0" ind2="0" tag="785"><subfield code="t">Connecticut courant and the weekly intelligencer</subfield><subfield code="w">(DLC)  2004252457</subfield><subfield code="w">(OCoLC)11542786</subfield></datafield><datafield ind1="1" ind2=" " tag="029"><subfield code="a">AU@</subfield><subfield code="b">000025489576</subfield></datafield></record>